@cosmic{muonflux,
	title = {Muons},
	howpublished = "\url{https://cosmic.lbl.gov/SKliewer/Cosmic_Rays/Muons.htm}",
	year = {2001}, 
	note = "[Online; accessed 19-July-2019]"
}

@inproceedings{Paton:2019kgy,
	author         = "Paton, Josephine",
	title          = "{Neutrinoless Double Beta Decay in the SNO+ Experiment}",
	booktitle      = "{Prospects in Neutrino Physics (NuPhys2018) London,
	United Kingdom, December 19-21, 2018}",
	year           = "2019",
	eprint         = "1904.01418",
	archivePrefix  = "arXiv",
	primaryClass   = "hep-ex",
	reportNumber   = "NuPhys2018-Paton",
	SLACcitation   = "%%CITATION = ARXIV:1904.01418;%%"
}

@book{gregory2005bayesian,
  title={Bayesian Logical Data Analysis for the Physical Sciences: A Comparative Approach with Mathematica{\textregistered} Support},
  author={Gregory, Phil},
  year={2005},
  publisher={Cambridge University Press}
}

@book{press2007numerical,
  title={Numerical recipes 3rd edition: The art of scientific computing},
  author={Press, William H and Teukolsky, Saul A and Vetterling, William T and Flannery, Brian P},
  year={2007},
  publisher={Cambridge university press}
}

%gerda 2019
@article{agostini2019probing,
  title={Probing Majorana neutrinos with double-$\beta$ decay},
  author={Agostini, M and Bakalyarov, AM and Balata, M and Barabanov, I and Baudis, L and Bauer, C and Bellotti, E and Belogurov, S and Bettini, A and Bezrukov, L and others},
  journal={Science},
  pages={eaav8613},
  year={2019},
  publisher={American Association for the Advancement of Science}
}

%Tsinghua measurement
@article{xing2015preliminary,
  title={Preliminary study of light yield dependence on LAB liquid scintillator composition},
  author={Xing-Chen, Ye and Bo-Xiang, Yu and Xiang, Zhou and Li, Zhao and Ya-Yun, Ding and Meng-Chao, Liu and Xue-Feng, Ding and Xuan, Zhang and Quan-Lin, Jie and Li, Zhou and others},
  journal={Chinese Physics C},
  volume={39},
  number={9},
  pages={096003},
  year={2015},
  publisher={IOP Publishing}
}
